<record><leader>00000cas a22000007a 4500</leader><controlfield tag="001">16308320</controlfield><controlfield tag="008">870728d18751908msuwr ne      0    0eng d</controlfield><datafield ind1=" " ind2=" " tag="010"><subfield code="a">sn 87065599 </subfield></datafield><datafield ind1=" " ind2=" " tag="040"><subfield code="a">MJA</subfield><subfield code="b">eng</subfield><subfield code="c">MJA</subfield><subfield code="d">MSJ</subfield><subfield code="d">OCLCQ</subfield></datafield><datafield ind1=" " ind2=" " tag="042"><subfield code="a">msc</subfield></datafield><datafield ind1="0" ind2=" " tag="130"><subfield code="a">Kemper herald (Scooba, Miss. : 1875)</subfield></datafield><datafield ind1="1" ind2="4" tag="245"><subfield code="a">The Kemper herald.</subfield></datafield><datafield ind1=" " ind2=" " tag="260"><subfield code="a">Scooba, Miss. :</subfield><subfield code="b">Miss Brinkley Vinson,</subfield><subfield code="c">-1908.</subfield></datafield><datafield ind1=" " ind2=" " tag="310"><subfield code="a">Weekly</subfield></datafield><datafield ind1="1" ind2=" " tag="362"><subfield code="a">Began in 1875.</subfield></datafield><datafield ind1="0" ind2=" " tag="362"><subfield code="a">-v. 33, no. 46 (July 9, 1908).</subfield></datafield><datafield ind1=" " ind2=" " tag="588"><subfield code="a">Description based on: Vol. 15, no. 6 (Oct. 9, 1902).</subfield></datafield><datafield ind1=" " ind2=" " tag="752"><subfield code="a">United States</subfield><subfield code="b">Mississippi</subfield><subfield code="c">Kemper</subfield><subfield code="d">Scooba.</subfield></datafield><datafield ind1="0" ind2="7" tag="785"><subfield code="t">Southern star (Dekalb, Miss.)</subfield><subfield code="w">(OCoLC)15079401</subfield></datafield><datafield ind1="0" ind2="7" tag="785"><subfield code="t">Kemper herald star</subfield><subfield code="w">(OCoLC)15079260</subfield></datafield></record>